<?xml version="1.0" encoding="UTF-8"?><collection xmlns="http://www.loc.gov/MARC21/slim"><record><leader>00313nam--2200121-i-4500</leader><controlfield tag="001">000036978</controlfield><controlfield tag="002">20161230</controlfield><controlfield tag="005">20161230201041</controlfield><controlfield tag="008">060222s1000------------r-----000-0-eng-d</controlfield><datafield ind1=" " ind2=" " tag="100"><subfield code="a">Progogine, I</subfield></datafield><datafield ind1=" " ind2=" " tag="245"><subfield code="a">Etude thermodynamique des phenomenes irreversibles</subfield></datafield><datafield ind1=" " ind2=" " tag="260"><subfield code="a">Paris, Dunod, 1947, Ix + 143p</subfield></datafield><datafield ind1=" " ind2=" " tag="852"><subfield code="a">15548</subfield></datafield></record></collection>